%% This BibTeX bibliography file was created using BibDesk.
%% http://bibdesk.sourceforge.net/


%% Created for Wessel Klijnsma at 2012-06-22 17:15:41 +0200 


%% Saved with string encoding Unicode (UTF-8) 



@booklet{ldorst01,
	Author = {Leo Dorst},
	Date-Added = {2012-06-22 15:12:58 +0000},
	Date-Modified = {2012-06-22 15:14:58 +0000},
	Month = {March},
	Title = {An Introduction to Robotics for the Computer Sciences},
	Year = {2001}}
